@article{Cummings2023,
  doi = {10.1016/j.laheal.2023.06.005},
  url = {https://doi.org/10.1016/j.laheal.2023.06.005},
  year = {2023},
  publisher = {Elsevier},
  volume = {1},
  number = {2},
  pages = {88},
  author = {Louise Cummings},
  title = {Communication disorders: A complex population in healthcare},
}

@article{AMBRA,
  doi = {10.48550/arXiv.2401.08866},
  url = {https://doi.org/10.48550/arXiv.2401.08866},
  year = {2024},
  publisher = {ArXiv},
  pages = {8},
  author = {Christian Pilato},
  title = {Foundation Models in Augmentative and Alternative Communication: Opportunities and Challenges},
}

@misc{tomato,
    author = "{Bergeron healthcare}",
    title = "{Routines and Schedules for Children with Special Needs}",
    year = "2024",
    note = "",
    url = "https://www.specialtomato.com/routines-and-schedules-for-children-with-special-needs"
    }

@book{AAC,
    author = {David Beukelman, Janice Light},
    title = {Augmentative & Alternative Communication: Supporting Children and Adults with Complex Communication Needs},
    publisher = {Paul H Brookes},
    year = {2020},
    url = "https://brookespublishing.com/wp-content/uploads/2020/01/Beukelman-First-Proofs-Excerpt.pdf"
}

@article{recommenderSystems,
    author = {Koren, Bell & Volinsky},
    title = {Matrix Factorization Techniques for Recommender Systems},
    journal = {IEEE},
    year = {2009},
    url = {https://datajobs.com/data-science-repo/Recommender-Systems-%5BNetflix%5D.pdf}
}

@article{RLRS,
    author = {Afsare et al.},
    title = {Reinforcement learning based recommender systems: A survey},
    publisher=  {ArXiv},
    year = {2022},
    url = {https://arxiv.org/abs/2101.06286}
}

@misc{tfrs,
  author       = {TensorFlow},
  title        = {TensorFlow Recommenders Documentation},
  year         = 2024,
  note         = {https://www.tensorflow.org/recommenders},
  url          = {https://www.tensorflow.org/recommenders}
}
